%% This BibTeX bibliography file was created using BibDesk.
%% http://bibdesk.sourceforge.net/


%% Created for Raphael Bost at 2015-10-06 13:48:59 +0200 


%% Saved with string encoding Unicode (UTF-8) 

@book{Cormen:2009:IAT:1614191,
 author = {Cormen, Thomas H. and Leiserson, Charles E. and Rivest, Ronald L. and Stein, Clifford},
 title = {Introduction to Algorithms, Third Edition},
 year = {2009},
 isbn = {0262033844, 9780262033848},
 edition = {3rd},
 publisher = {The MIT Press},
} 


@Misc{MSTA16,
	Author = {Jeremy Maitin-Shepard and Mehdi Tibouchi and Diego F. Aranha},
	Title = {{Elliptic Curve Multiset Hash}},
	Year = {2016},
    howpublished = "arXiv, Report 1601.06502",	
    note =         "\url{http://arxiv.org/abs/1601.06502}",
	}

@inproceedings{goodrich2011oblivious,
	Author = {Goodrich, Michael T and Mitzenmacher, Michael and Ohrimenko, Olga and Tamassia, Roberto},
	Booktitle = {Proceedings of the 3rd ACM workshop on Cloud computing security workshop},
	Organization = {ACM},
	Pages = {95--100},
	Title = {Oblivious RAM simulation with efficient worst-case access overhead},
	Year = {2011}}

@article{goldreich1996software,
	Author = {Goldreich, Oded and Ostrovsky, Rafail},
	Date-Added = {2015-05-18 09:45:15 +0000},
	Date-Modified = {2015-05-18 09:45:15 +0000},
	Journal = {Journal of the ACM (JACM)},
	Number = {3},
	Pages = {431--473},
	Publisher = {ACM},
	Title = {Software protection and simulation on oblivious {RAM}s},
	Volume = {43},
	Year = {1996}}

@book{goldreich2004foundations,
	Author = {Goldreich, Oded},
	Date-Added = {2015-05-13 09:40:31 +0000},
	Date-Modified = {2015-05-13 09:41:09 +0000},
	Publisher = {Cambridge University Press},
	Title = {Foundations of cryptography.},
	Year = {2004}}

@article{rogaway2003ocb,
	Author = {Rogaway, Phillip and Bellare, Mihir and Black, John},
	Date-Added = {2015-07-22 12:40:12 +0000},
	Date-Modified = {2015-08-26 13:42:42 +0000},
	Journal = {ACM Transactions on Information and System Security (TISSEC)},
	Number = {3},
	Pages = {365--403},
	Publisher = {ACM},
	Title = {{OCB}: A block-cipher mode of operation for efficient authenticated encryption},
	Volume = {6},
	Year = {2003}}

@incollection{clarke2003incremental,
	Address = asiacrypt03addr,
	Author = {Clarke, Dwaine and Devadas, Srinivas and Van Dijk, Marten and Gassend, Blaise and Suh, G Edward},
	Booktitle = asiacrypt03name,
	Editor = asiacrypt03ed,
	Month = asiacrypt03month,
	Pages = {188--207},
	Publisher = asiacryptpub,
	Series = mylncs,
	Title = {Incremental multiset hash functions and their application to memory integrity checking},
	Volume = asiacrypt03vol,
	Year = 2003}

@misc{RPi_perf,
	Annote = {[Online; accessed 10-September-2015]},
	Date-Added = {2015-09-10 11:36:25 +0000},
	Date-Modified = {2015-09-10 11:48:16 +0000},
	Howpublished = {\url{http://elinux.org/RPi_Performance#OpenSSL}},
	Lastchecked = {September 2015},
	Month = {September},
	Read = {0},
	Title = {{RPi OpenSSL Performance}},
	Year = {2015}}

@inproceedings{NDSS:MieMoh17,
    author = {Ian Miers and Payman Mohassel},
    title = {{IO-DSSE}: Scaling Dynamic Searchable Encryption to Millions of Indexes By Improving Locality},
    editor =       ndss17ed,
    booktitle =    ndss17name,
    address =      ndss17addr,
    month =        ndss17month,
    publisher =    ndsspub_v2,
    year =         2017,
}

@inproceedings{RFYvDD13,
	author = 	"L. Ren and
		 		 C. Fletcher and
				 X. Yu and
				 M. van Dijk and
				 S. Devadas",
	title = "Integrity verification for path oblivious ram.",
	Month = {September},
	year = 2013,
	Booktitle = {Proceedings of the 17th IEEE High Performance Extreme Computing Conference},
}

@misc{garg2016personal,
	Author = {Sanjam Garg},
	Title = {Personal Communications},
	Year = {2016}
}
	
@inproceedings{USENIX:RFKSSv15,
  author    = {Ling Ren and
               Christopher W. Fletcher and
               Albert Kwon and
               Emil Stefanov and
               Elaine Shi and
               Marten van Dijk and
               Srinivas Devadas},
  title     = {Constants Count: Practical Improvements to Oblivious {RAM}},
  booktitle = {24th {USENIX} Security Symposium, {USENIX} Security 15, Washington,
               D.C., USA, August 12-14, 2015.},
  pages     = {415--430},
  year      = {2015},
  crossref  = {DBLP:conf/uss/2015},
  url       = {https://www.usenix.org/conference/usenixsecurity15/technical-sessions/presentation/ren-ling},
  timestamp = {Thu, 20 Aug 2015 14:07:40 +0200},
  biburl    = {http://dblp.uni-trier.de/rec/bib/conf/uss/RenFKSSDD15},
  bibsource = {dblp computer science bibliography, http://dblp.org}
}

@inproceedings{USENIX:ZhaKatPap16,
  author    = {Yupeng Zhang and
               Jonathan Katz and
               Charalampos Papamanthou},
  title     = {All Your Queries Are Belong to Us: The Power of File-Injection Attacks
               on Searchable Encryption},
  booktitle = {25th {USENIX} Security Symposium, {USENIX} Security 16, Austin, TX,
               USA, August 10-12, 2016.},
  pages     = {707--720},
  year      = {2016},
  timestamp = {Mon, 05 Sep 2016 15:43:05 +0200},
  biburl    = {http://dblp.uni-trier.de/rec/bib/conf/uss/ZhangKP16},
  bibsource = {dblp computer science bibliography, http://dblp.org}
}
%%   url       = {https://www.usenix.org/conference/usenixsecurity16/technical-sessions/presentation/zhang},

@proceedings{DBLP:conf/uss/2015,
  editor    = {Jaeyeon Jung and
               Thorsten Holz},
  title     = {24th {USENIX} Security Symposium, {USENIX} Security 15, Washington,
               D.C., USA, August 12-14, 2015},
  publisher = {{USENIX} Association},
  year      = {2015},
  url       = {https://www.usenix.org/conference/usenixsecurity15},
  timestamp = {Thu, 20 Aug 2015 14:06:34 +0200},
  biburl    = {http://dblp.uni-trier.de/rec/bib/conf/uss/2015},
  bibsource = {dblp computer science bibliography, http://dblp.org}
}

@InProceedings{EC:KamMoa17,
  author =       "Seny Kamara and
                  Tarik Moataz",
  title =        "Boolean Searchable Symmetric Encryption with Worst-Case Sub-Linear",
  editor =       eurocrypt17ed,
  booktitle =    eurocrypt17name,
  volume =       eurocrypt17vol,
  address =      eurocrypt17addr,
  month =        eurocrypt17month,
  publisher =    eurocryptpub,
  series =       mylncs,
  year =         2017,
}


@InProceedings{EC:CanChe17,
  author =       "Ran Canetti and
                  Yilei Chen",
  title =        "Constraint-hiding Constrained PRFs for NC1 from LWE",
  editor =       eurocrypt17ed,
  booktitle =    eurocrypt17name,
  volume =       eurocrypt17vol,
  address =      eurocrypt17addr,
  month =        eurocrypt17month,
  publisher =    eurocryptpub,
  series =       mylncs,
  year =         2017,
}


@inproceedings{DBLP:conf/uss/BonehL96,
  author    = {Dan Boneh and
               Richard J. Lipton},
  title     = {A Revocable Backup System},
  booktitle = {Proceedings of the 6th {USENIX} Security Symposium, San Jose, CA,
               USA, July 22-25, 1996},
  year      = {1996},
  crossref  = {DBLP:conf/uss/1996},
  url       = {https://www.usenix.org/conference/6th-usenix-security-symposium/revocable-backup-system},
  timestamp = {Fri, 19 Aug 2016 15:38:03 +0200},
  biburl    = {http://dblp.uni-trier.de/rec/bib/conf/uss/BonehL96},
  bibsource = {dblp computer science bibliography, http://dblp.org}
}

@proceedings{DBLP:conf/uss/1996,
  title     = {Proceedings of the 6th {USENIX} Security Symposium, San Jose, CA,
               USA, July 22-25, 1996},
  publisher = {{USENIX} Association},
  year      = {1996},
  url       = {https://www.usenix.org/publications/proceedings/?f[0]=im_group_audience%3A245},
  timestamp = {Fri, 19 Aug 2016 15:38:03 +0200},
  biburl    = {http://dblp.uni-trier.de/rec/bib/conf/uss/1996},
  bibsource = {dblp computer science bibliography, http://dblp.org}
}

@inproceedings {USENIX:ReaCapBas12,
author = {Joel Reardon and Srdjan Capkun and David Basin},
title = {Data Node Encrypted File System: Efficient Secure Deletion for Flash Memory},
booktitle = {Presented as part of the 21st USENIX Security Symposium (USENIX Security 12)},
year = {2012},
isbn = {978-931971-95-9},
address = {Bellevue, WA},
pages = {333--348},
url = {https://www.usenix.org/conference/usenixsecurity12/technical-sessions/presentation/reardon},
publisher = {USENIX},
}

@misc{CipherCloud,
	author = {CipherCloud},
	title = {Cloud Data Encryption},
	url = {http://www.ciphercloud.com/technologies/encryption/}
}

@misc{skyhigh,
	author = {skyhigh},
	title = {Cloud Security and Enablement},
	url = {https://www.skyhighnetworks.com}
}

@misc{RocksDB,
	Annote = {[Online; accessed 17-May-2017]},
	author = {{Facebook, Inc.}},
	howpublished = {\url{http://rocksdb.org}},
	Title = {{RocksDB: A Persistent Key-Value Store for Flash and RAM Storage.}},
	}

@misc{gRPC,
	Annote = {[Online; accessed 26-April-2016]},
	author = {{Google, Inc.}},
	url = {http://www.grpc.io/},
	Lastchecked = {April 2016},
	Month = {April},
	Title = {{gRPC: A high performance, open source, general RPC framework that puts mobile and HTTP/2 first.}},
	Year = {2016}}
	
@misc{code,
	author = {Raphael Bost},
	title = {{Implementation of $\sophos$, $\diana$ and $\janus$}},
	url = {https://github.com/OpenSSE/opensse-schemes},
	Year = {2017}
}

@misc{enron_dataset,
	title = {{Enron email dataset.}},
	url = {https://www.cs.cmu.edu/~./enron/},
	Lastchecked = {January 2016},
}

@misc{Intel750,
	author = {{Intel}},
	Lastchecked = {May 2016},
	title = {{IntelÂ® SSD 750 Series: Performance Unleashed}},
	url = {http://www.intel.com/content/www/us/en/solid-state-drives/solid-state-drives-750-series.html}
}


@article{hardy1918asymptotic,
  title={Asymptotic formul{\ae} in combinatory analysis},
  author={Hardy, Godfrey H. and Ramanujan, Srinivasa},
  journal={Proceedings of the London Mathematical Society},
  volume={2},
  number={1},
  pages={75--115},
  year={1918},
  publisher={Oxford University Press}
}


@misc{relic-toolkit,
    author = {D. F. Aranha and C. P. L. Gouv\^{e}a},
    title = {{RELIC is an Efficient LIbrary for Cryptography}},
    howpublished = {\url{https://github.com/relic-toolkit/relic}},
}

@misc{libforwardsec,
    author = {Miers, Ian},
    title = {{Libforwardsec. Forward secure encryption for asynchronous messaging.}},
    howpublished = {\url{https://github.com/imichaelmiers/libforwardsec}},
}